@article{chen2017,
    author = {Y. Chen and J.-F. Martínez and P. Castillejo and L. López},
    title = {A privacy protection user authentication and key agreement scheme tailored for the Internet of Things environment: PriAuth},
    journal = {Wireless Communications and Mobile Computing},
    volume = {2017},
    pages = {1--17},
    year = {2017},
    month = {Dec},
    doi = {10.1155/2017/5290579}
}

@inproceedings{harishma2018,
    author = {B. Harishma and S. Patranabis and U. Chatterjee and D. Mukhopadhyay},
    title = {POSTER: Authenticated key-exchange protocol for heterogeneous CPS},
    booktitle = {Proceedings of the Asia Conference on Computer and Communications Security},
    pages = {849--851},
    year = {2018},
    month = {May}
}


@misc{NIST2015,
  title = {Guide to Industrial Control Systems (ICS) Security},
  author = {{NIST}},
  year = {2015},
  number = {NIST Special Publication 800-82, Revision 2},
  url = {https://nvlpubs.nist.gov/nistpubs/SpecialPublications/NIST.SP.80082r2.pdf},
  note = {Accessed on Jun. 2020}
}

@article{Molina2018,
  author = {E. Molina and E. Jacob},
  title = {Software-defined networking in cyber physical systems: A survey},
  journal = {Comput. Electr. Eng.},
  volume = {66},
  pages = {407--419},
  year = {2018}
}

@inproceedings{Taylor2017,
  author = {J. M. Taylor and H. R. Sharif},
  title = {Security challenges and methods for protecting critical infrastructure cyber-physical systems},
  booktitle = {Proc. Int. Conf. Sel. Topics Mobile Wireless Networking (MoWNeT)},
  location = {Avignon, France},
  month = {May},
  year = {2017},
  pages = {1--6}
}

@inproceedings{Chong2019,
  author = {M. S. Chong and H. Sandberg and A. M. H. Teixeira},
  title = {A tutorial introduction to security and privacy for cyber-physical systems},
  booktitle = {Proc. 18th Eur. Control Conf. (ECC)},
  location = {Naples, Italy},
  month = {Jun.},
  year = {2019},
  pages = {968--978}
}




@article{Eldefrawy2019,
  author = {Eldefrawy, K. and others},
  title = {User authentication protocol for industrial IoT},
  journal = {International Journal of Information Management},
  volume = {48},
  pages = {192--203},
  year = {2019}
}

@article{Renuka2019,
  author = {Renuka, R. and others},
  title = {Secure password-based authentication for M2M networks},
  journal = {Journal of Network and Computer Applications},
  volume = {136},
  pages = {87--97},
  year = {2019}
}

@article{Wang2017,
  author = {D. Wang and H. Cheng and P. Wang and X. Huang and G. Jian},
  title = {Zipf’s law in passwords},
  journal = {IEEE Transactions on Information Forensics and Security},
  volume = {12},
  number = {11},
  pages = {2776--2791},
  year = {2017},
  month = {November},
  publisher = {IEEE}
}

@article{Chatterjee2018,
  author = {S. Chatterjee and S. Roy and A. K. Das and S. Chattopadhyay and N. Kumar and A. V. Vasilakos},
  title = {Secure biometric-based authentication scheme using Chebyshev chaotic map for multi-server environment},
  journal = {IEEE Transactions on Dependable and Secure Computing},
  volume = {15},
  number = {5},
  pages = {824--839},
  year = {2018},
  month = {September},
  publisher = {IEEE}
}



@article{chen2019,
    author = {Y. Chen and J. Martínez and P. Castillejo and L. López},
    title = {A bilinear map pairing based authentication scheme for smart grid communications: PAuth},
    journal = {IEEE Access},
    volume = {7},
    pages = {22633--22643},
    year = {2019}
}

@article{Roy2018,
  author = {S. Roy and S. Chatterjee and A. K. Das and S. Chattopadhyay and S. Kumari and M. Jo},
  title = {Chaotic map-based anonymous user authentication scheme with user biometrics and fuzzy extractor for crowdsourcing Internet of Things},
  journal = {IEEE Internet of Things Journal},
  volume = {5},
  number = {4},
  pages = {2884--2895},
  year = {2018},
  month = {August},
  publisher = {IEEE}
}
@misc{miracl2020,
    title = {MIRACL Cryptographic SDK: Multiprecision Integer and Rational Arithmetic Cryptographic Library},
    year = {2020},
    note = {Accessed: Apr. 2020},
    url = {https://github.com/miracl/MIRACL}
}

@article{Wazid2020,
  author = {M. Wazid and A. K. Das and V. Odelu and N. Kumar and W. Susilo},
  title = {Secure remote user authenticated key establishment protocol for smart home environment},
  journal = {IEEE Transactions on Dependable and Secure Computing},
  volume = {17},
  number = {2},
  pages = {391--406},
  year = {2020},
  month = {March},
  publisher = {IEEE}
}






